%=======================================================
% Bibliographie pour le rapport PFE DataWave
% Format BibTeX
%=======================================================

%========== Solutions de Gouvernance des Données ==========

@misc{azure_purview,
    title = {Microsoft Azure Purview Documentation},
    author = {{Microsoft Corporation}},
    year = {2024},
    howpublished = {\url{https://docs.microsoft.com/azure/purview/}},
    note = {Consulté le 29 septembre 2025}
}

@misc{databricks_unity,
    title = {Databricks Unity Catalog Documentation},
    author = {{Databricks Inc.}},
    year = {2024},
    howpublished = {\url{https://docs.databricks.com/data-governance/unity-catalog/}},
    note = {Consulté le 29 septembre 2025}
}

@misc{collibra,
    title = {Collibra Data Intelligence Platform},
    author = {{Collibra}},
    year = {2024},
    howpublished = {\url{https://www.collibra.com/}},
    note = {Consulté le 29 septembre 2025}
}

%========== Frameworks de Conformité ==========

@misc{gdpr,
    title = {General Data Protection Regulation (GDPR)},
    author = {{European Commission}},
    year = {2018},
    howpublished = {\url{https://gdpr.eu/}},
    note = {Règlement (UE) 2016/679}
}

@misc{hipaa,
    title = {Health Insurance Portability and Accountability Act (HIPAA)},
    author = {{U.S. Department of Health \& Human Services}},
    year = {1996},
    howpublished = {\url{https://www.hhs.gov/hipaa/}},
    note = {Public Law 104-191}
}

@misc{pci_dss,
    title = {Payment Card Industry Data Security Standard (PCI DSS)},
    author = {{PCI Security Standards Council}},
    year = {2024},
    howpublished = {\url{https://www.pcisecuritystandards.org/}},
    note = {Version 4.0}
}

@misc{sox,
    title = {Sarbanes-Oxley Act (SOX)},
    author = {{U.S. Congress}},
    year = {2002},
    howpublished = {\url{https://www.sec.gov/}},
    note = {Public Law 107-204}
}

%========== Technologies Backend ==========

@misc{fastapi,
    title = {FastAPI: Modern, Fast Web Framework for Python},
    author = {Sebastián Ramírez},
    year = {2024},
    howpublished = {\url{https://fastapi.tiangolo.com/}},
    note = {Consulté le 29 septembre 2025}
}

@misc{postgresql,
    title = {PostgreSQL: The World's Most Advanced Open Source Database},
    author = {{PostgreSQL Global Development Group}},
    year = {2024},
    howpublished = {\url{https://www.postgresql.org/}},
    note = {Version 14+}
}

@misc{pgbouncer,
    title = {PgBouncer: Lightweight Connection Pooler for PostgreSQL},
    author = {{PgBouncer Development Team}},
    year = {2024},
    howpublished = {\url{https://www.pgbouncer.org/}},
    note = {Consulté le 29 septembre 2025}
}

@misc{redis,
    title = {Redis: In-Memory Data Structure Store},
    author = {{Redis Ltd.}},
    year = {2024},
    howpublished = {\url{https://redis.io/}},
    note = {Consulté le 29 septembre 2025}
}

@misc{kafka,
    title = {Apache Kafka: Distributed Streaming Platform},
    author = {{Apache Software Foundation}},
    year = {2024},
    howpublished = {\url{https://kafka.apache.org/}},
    note = {Consulté le 29 septembre 2025}
}

%========== Technologies Frontend ==========

@misc{react,
    title = {React: A JavaScript Library for Building User Interfaces},
    author = {{Meta Platforms, Inc.}},
    year = {2024},
    howpublished = {\url{https://react.dev/}},
    note = {Version 18}
}

@misc{nextjs,
    title = {Next.js: The React Framework for Production},
    author = {{Vercel Inc.}},
    year = {2024},
    howpublished = {\url{https://nextjs.org/}},
    note = {Version 14}
}

@misc{typescript,
    title = {TypeScript: JavaScript with Syntax for Types},
    author = {{Microsoft Corporation}},
    year = {2024},
    howpublished = {\url{https://www.typescriptlang.org/}},
    note = {Consulté le 29 septembre 2025}
}

%========== Machine Learning et IA ==========

@misc{scikit_learn,
    title = {Scikit-learn: Machine Learning in Python},
    author = {Pedregosa, F. and others},
    year = {2024},
    howpublished = {\url{https://scikit-learn.org/}},
    note = {Consulté le 29 septembre 2025}
}

@misc{transformers,
    title = {Transformers: State-of-the-art Natural Language Processing},
    author = {{Hugging Face}},
    year = {2024},
    howpublished = {\url{https://huggingface.co/transformers/}},
    note = {Consulté le 29 septembre 2025}
}

@misc{spacy,
    title = {spaCy: Industrial-Strength Natural Language Processing},
    author = {Honnibal, M. and Montani, I.},
    year = {2024},
    howpublished = {\url{https://spacy.io/}},
    note = {Consulté le 29 septembre 2025}
}

%========== DevOps et Infrastructure ==========

@misc{docker,
    title = {Docker: Accelerated Container Application Development},
    author = {{Docker Inc.}},
    year = {2024},
    howpublished = {\url{https://www.docker.com/}},
    note = {Consulté le 29 septembre 2025}
}

@misc{kubernetes,
    title = {Kubernetes: Production-Grade Container Orchestration},
    author = {{Cloud Native Computing Foundation}},
    year = {2024},
    howpublished = {\url{https://kubernetes.io/}},
    note = {Consulté le 29 septembre 2025}
}

@misc{prometheus,
    title = {Prometheus: Monitoring System and Time Series Database},
    author = {{Prometheus Authors}},
    year = {2024},
    howpublished = {\url{https://prometheus.io/}},
    note = {Consulté le 29 septembre 2025}
}

@misc{grafana,
    title = {Grafana: The Open Observability Platform},
    author = {{Grafana Labs}},
    year = {2024},
    howpublished = {\url{https://grafana.com/}},
    note = {Consulté le 29 septembre 2025}
}

%========== Cloud Providers ==========

@misc{aws,
    title = {Amazon Web Services (AWS) Documentation},
    author = {{Amazon Web Services, Inc.}},
    year = {2024},
    howpublished = {\url{https://aws.amazon.com/documentation/}},
    note = {Consulté le 29 septembre 2025}
}

@misc{azure,
    title = {Microsoft Azure Documentation},
    author = {{Microsoft Corporation}},
    year = {2024},
    howpublished = {\url{https://docs.microsoft.com/azure/}},
    note = {Consulté le 29 septembre 2025}
}

@misc{gcp,
    title = {Google Cloud Platform Documentation},
    author = {{Google LLC}},
    year = {2024},
    howpublished = {\url{https://cloud.google.com/docs}},
    note = {Consulté le 29 septembre 2025}
}

%========== Articles et Publications ==========

@article{data_governance,
    title = {Data Governance: A Conceptual Framework},
    author = {Khatri, V. and Brown, C.V.},
    journal = {Journal of Management Information Systems},
    volume = {27},
    number = {4},
    pages = {63--88},
    year = {2010},
    publisher = {Taylor \& Francis}
}

@article{edge_computing,
    title = {Edge Computing: Vision and Challenges},
    author = {Shi, W. and Cao, J. and Zhang, Q. and Li, Y. and Xu, L.},
    journal = {IEEE Internet of Things Journal},
    volume = {3},
    number = {5},
    pages = {637--646},
    year = {2016},
    publisher = {IEEE}
}

@article{microservices,
    title = {Microservices: Yesterday, Today, and Tomorrow},
    author = {Dragoni, N. and Giallorenzo, S. and Lafuente, A.L. and others},
    journal = {Present and Ulterior Software Engineering},
    pages = {195--216},
    year = {2017},
    publisher = {Springer}
}

%========== Livres ==========

@book{designing_data_intensive,
    title = {Designing Data-Intensive Applications},
    author = {Kleppmann, M.},
    year = {2017},
    publisher = {O'Reilly Media},
    isbn = {978-1449373320}
}

@book{building_microservices,
    title = {Building Microservices: Designing Fine-Grained Systems},
    author = {Newman, S.},
    year = {2021},
    publisher = {O'Reilly Media},
    edition = {2nd},
    isbn = {978-1492034025}
}

@book{machine_learning_design,
    title = {Machine Learning Design Patterns},
    author = {Lakshmanan, V. and Robinson, S. and Munn, M.},
    year = {2020},
    publisher = {O'Reilly Media},
    isbn = {978-1098115784}
}
